<record><leader>00000cas a2200000 a 4500</leader><controlfield tag="001">13343575</controlfield><controlfield tag="008">860325d19171928mouwr ne      0    0eng d</controlfield><datafield ind1=" " ind2=" " tag="010"><subfield code="a">sn 86063290 </subfield></datafield><datafield ind1=" " ind2=" " tag="040"><subfield code="a">KSH</subfield><subfield code="b">eng</subfield><subfield code="c">KSH</subfield><subfield code="d">NPT</subfield><subfield code="d">MQN</subfield><subfield code="d">OCL</subfield><subfield code="d">OCLCQ</subfield></datafield><datafield ind1=" " ind2=" " tag="042"><subfield code="a">msc</subfield></datafield><datafield ind1="0" ind2="0" tag="245"><subfield code="a">Cabool enterprise-press.</subfield></datafield><datafield ind1=" " ind2=" " tag="260"><subfield code="a">Cabool, Mo. :</subfield><subfield code="b">George Duncan,</subfield><subfield code="c">1917-1928.</subfield></datafield><datafield ind1=" " ind2=" " tag="300"><subfield code="a">v.</subfield></datafield><datafield ind1=" " ind2=" " tag="310"><subfield code="a">Weekly</subfield></datafield><datafield ind1="0" ind2=" " tag="362"><subfield code="a">Vol. 7, no. 3 (Jan. 18, 1917)-v. 18, no. 52 (Dec. 27, 1928).</subfield></datafield><datafield ind1=" " ind2=" " tag="752"><subfield code="a">United States</subfield><subfield code="b">Missouri</subfield><subfield code="c">Texas</subfield><subfield code="d">Cabool.</subfield></datafield><datafield ind1="0" ind2="4" tag="780"><subfield code="t">Cabool enterprise (Cabool, Mo. : 1906)</subfield><subfield code="w">(DLC)sn 89066511</subfield></datafield><datafield ind1="0" ind2="4" tag="780"><subfield code="t">Cabool press</subfield><subfield code="w">(DLC)sn 89066512</subfield></datafield><datafield ind1="0" ind2="0" tag="785"><subfield code="t">Cabool enterprise (Cabool, Mo. : 1929)</subfield><subfield code="w">(DLC)sn 89066513</subfield></datafield><datafield ind1="1" ind2=" " tag="029"><subfield code="a">AU@</subfield><subfield code="b">000022167806</subfield></datafield></record>